<record><leader>00000cas a2200000 i 4500</leader><controlfield tag="001">830343253</controlfield><controlfield tag="008">130108d18531859vtuwr ne      0    0eng c</controlfield><datafield ind1=" " ind2=" " tag="010"><subfield code="a">  2017238482</subfield></datafield><datafield ind1=" " ind2=" " tag="040"><subfield code="a">AQM</subfield><subfield code="b">eng</subfield><subfield code="e">rda</subfield><subfield code="c">AQM</subfield><subfield code="d">OCLCO</subfield><subfield code="d">OCLCA</subfield><subfield code="d">OCLCF</subfield><subfield code="d">OCLCQ</subfield><subfield code="d">IUL</subfield><subfield code="d">OCL</subfield></datafield><datafield ind1=" " ind2=" " tag="042"><subfield code="a">pcc</subfield></datafield><datafield ind1=" " ind2=" " tag="043"><subfield code="a">n-us-vt</subfield></datafield><datafield ind1="0" ind2=" " tag="130"><subfield code="a">Vermont Christian messenger (Northfield, Vt.)</subfield></datafield><datafield ind1="1" ind2="0" tag="245"><subfield code="a">Vermont Christian messenger.</subfield></datafield><datafield ind1="1" ind2="3" tag="246"><subfield code="a">Christian messenger</subfield></datafield><datafield ind1=" " ind2="1" tag="264"><subfield code="a">Northfield, [Vt.] :</subfield><subfield code="b">Woodworth &amp; Gould,</subfield><subfield code="c">1853-1859.</subfield></datafield><datafield ind1=" " ind2=" " tag="300"><subfield code="a">6 volumes ;</subfield><subfield code="c">67 cm</subfield></datafield><datafield ind1=" " ind2=" " tag="310"><subfield code="a">Weekly</subfield></datafield><datafield ind1=" " ind2=" " tag="336"><subfield code="a">text</subfield><subfield code="b">txt</subfield><subfield code="2">rdacontent</subfield></datafield><datafield ind1=" " ind2=" " tag="337"><subfield code="a">unmediated</subfield><subfield code="b">n</subfield><subfield code="2">rdamedia</subfield></datafield><datafield ind1=" " ind2=" " tag="338"><subfield code="a">volume</subfield><subfield code="b">nc</subfield><subfield code="2">rdacarrier</subfield></datafield><datafield ind1="0" ind2=" " tag="362"><subfield code="a">Vol. VII, no. 14 (April 6, 1853)-vol. XIII, no. 14 (Nov. 5, 1859) = whole no. 316-whole no. 664.</subfield></datafield><datafield ind1=" " ind2=" " tag="580"><subfield code="a">Begun in Montpelier, Vt. in 1849. This edition with same volume and number, was simultaneously published at Northfield, Vt., 1853-1859.</subfield></datafield><datafield ind1=" " ind2="0" tag="650"><subfield code="a">Methodists</subfield><subfield code="z">Vermont</subfield><subfield code="v">Newspapers.</subfield></datafield><datafield ind1=" " ind2="0" tag="651"><subfield code="a">Northfield (Vt.)</subfield><subfield code="v">Newspapers.</subfield></datafield><datafield ind1=" " ind2="0" tag="651"><subfield code="a">Washington County (Vt.)</subfield><subfield code="v">Newspapers.</subfield></datafield><datafield ind1=" " ind2="7" tag="650"><subfield code="a">Methodists.</subfield><subfield code="2">fast</subfield><subfield code="0">(OCoLC)fst01018703</subfield></datafield><datafield ind1=" " ind2="7" tag="651"><subfield code="a">Vermont.</subfield><subfield code="2">fast</subfield><subfield code="0">(OCoLC)fst01204305</subfield></datafield><datafield ind1=" " ind2="7" tag="651"><subfield code="a">Vermont</subfield><subfield code="z">Northfield.</subfield><subfield code="2">fast</subfield><subfield code="0">(OCoLC)fst01222425</subfield></datafield><datafield ind1=" " ind2="7" tag="651"><subfield code="a">Vermont</subfield><subfield code="z">Washington County.</subfield><subfield code="2">fast</subfield><subfield code="0">(OCoLC)fst01221123</subfield></datafield><datafield ind1=" " ind2="7" tag="655"><subfield code="a">Newspapers.</subfield><subfield code="2">fast</subfield><subfield code="0">(OCoLC)fst01423814</subfield></datafield><datafield ind1=" " ind2="4" tag="655"><subfield code="a">Religious newspapers.</subfield></datafield><datafield ind1=" " ind2=" " tag="752"><subfield code="a">United States</subfield><subfield code="b">Vermont</subfield><subfield code="c">Washington</subfield><subfield code="d">Northfield.</subfield></datafield><datafield ind1="1" ind2=" " tag="775"><subfield code="t">Vermont Christian messenger</subfield><subfield code="w">(DLC)sn 84027710</subfield><subfield code="w">(OCoLC)11463809</subfield></datafield><datafield ind1="4" ind2="1" tag="856"><subfield code="u">http://proxyiub.uits.iu.edu/login?url=http://infoweb.newsbank.com/?db=EANX&amp;s_browseRef=decades/157BD34EDC8D57D2/all.xml</subfield></datafield></record>